@article{PoWAsync,
  author  = {Alen Huskanović},
  title   = {Proof of Work - What it Is and How Does it Work?},
  url     = "https://www.asynclabs.co/blog/proof-of-work-what-it-is-and-how-does-it-work/",
  year    = {2019}
}

@article{PoSGithub,
  author  = {Vitalik Buterin},
  title   = {Proof of Stake FAQ},
  url     = "https://github.com/ethereum/wiki/wiki/Proof-of-Stake-FAQ",
  year    = {2019}
}

@article{geth,
  author  = {Autori go-ethereuma},
  title   = {Geth Documentation},
  url     = "https://geth.ethereum.org/docs/",
  year    = {2013-2019}
}

@article{explorer,
  author  = {Alethio},
  title   = {Ethereum Lite Explorer by Alethio},
  url     = "https://github.com/Alethio/ethereum-lite-explorer/blob/master/README.md",
  year    = {2020}
}
# include
@article{poa,
  author  = {Vadim Arasev},
  title   = {POA Network Whitepaper},
  url     = "https://github.com/poanetwork/wiki/wiki/POA-Network-Whitepaper",
  year    = {2018}
}

@article{genesisSpec,
  author  = {Péter Szilágyi},
  title   = {Clique proof-of-authority consensus protocol},
  url     = "https://eips.ethereum.org/EIPS/eip-225",
  year    = {2017}
}
# include
@article{genesisSpec2,
  title   = {Genesis JSON},
  url     = "https://docs.klaytn.com/node/service-chain/references/genesis#config",
  year    = {2019}
}

@article{posMedium,
  author  = {Konstellation \& The DARC Token},
  title   = {Proof of Stake: The Consensus Mechanism of the Future},
  url     = "https://link.medium.com/yPsDA8Cv66",
  year    = {2019}
}

@article{posGraphic,
  author  = {Niharika Singh},
  title   = {WTF is Proof of Stake?},
  url     = "https://link.medium.com/2lbA6E5w66",
  year    = {2019}
}

@article{poa1,
  author  = {POA Network},
  title   = {Proof of Authority: consensus model with Identity at Stake},
  url     = "https://link.medium.com/kQcjMn5B66 ",
  year    = {2017}
}

@article{poa2,
  author  = {Timur Badretdinov},
  title   = {Clique: cross-client Proof-of-authority algorithm for Ethereum},
  url     = "https://link.medium.com/QD7WkF6F66",
  year    = {2018}
}

@article{whitepaper,
  author          = {Vitalik Buterin},
  title           = {Ethereum Whitepaper},
  year            = {2013},
  url             = "https://ethereum.org/whitepaper/",
}

@book{masteringEth,
  author         = {Andreas M. Antonopoulos},
  title          = {Mastering Ethereum: Building Smart Contracts and DApps},
  publisher      = {O'Reilly Media},
  year           = {2018}
}
# include
@article{yellowpaper,
  author          = {Gavin Wood},
  title           = {ETHEREUM: A SECURE DECENTRALISED GENERALISED TRANSACTION LEDGER BYZANTIUM VERSION},
  year            = {2019},
  url             = "https://ethereum.github.io/yellowpaper/paper.pdf",
}

@article{ffzg,
  author          = {Stanislav Šredl},
  title           = {Ethereum - revolucija kroz decentralizaciju},
  year            = {2019},
  url             = "http://darhiv.ffzg.unizg.hr/id/eprint/11152/1/Ethereum%20%E2%80%93%20revolucija%20kroz%20decentralizaciju.pdf",
}

@article{ethdocs,
  author          = {EthHub},
  title           = {Is Ethereum more expensive to use as price rises?},
  year            = {2020},
  url             = "https://docs.ethhub.io/questions-about-ethereum/is-ethereum-more-expensive-to-use-as-price-rises/",
}

@article{solidity,
  author          = {Ethereum},
  title           = {Solidity},
  year            = {2020},
  url             = "https://solidity.readthedocs.io/en/v0.6.9/#",
}